<record><leader>00000cas a22000007a 4500</leader><controlfield tag="001">9994404</controlfield><controlfield tag="008">831008d18251826ohuwx ne      0    0eng d</controlfield><datafield ind1=" " ind2=" " tag="010"><subfield code="a">sn 83035514 </subfield></datafield><datafield ind1=" " ind2=" " tag="040"><subfield code="a">NPY</subfield><subfield code="b">eng</subfield><subfield code="c">NPY</subfield><subfield code="d">ONP</subfield><subfield code="d">OCLCQ</subfield></datafield><datafield ind1=" " ind2=" " tag="042"><subfield code="a">msc</subfield></datafield><datafield ind1="0" ind2="0" tag="245"><subfield code="a">Salem gazette &amp; public advertiser.</subfield></datafield><datafield ind1="3" ind2="0" tag="246"><subfield code="a">Salem gazette and public advertiser</subfield></datafield><datafield ind1="3" ind2="0" tag="246"><subfield code="a">Salem gazette</subfield></datafield><datafield ind1=" " ind2=" " tag="260"><subfield code="a">Salem, Columbiana County, O. [Ohio] :</subfield><subfield code="b">Robert Fee</subfield></datafield><datafield ind1=" " ind2=" " tag="300"><subfield code="a">v.</subfield></datafield><datafield ind1=" " ind2=" " tag="310"><subfield code="a">Weekly</subfield></datafield><datafield ind1="1" ind2=" " tag="362"><subfield code="a">Began with Mar. 29, 1825.</subfield></datafield><datafield ind1="1" ind2=" " tag="362"><subfield code="a">Ceased in July, 1826.</subfield></datafield><datafield ind1=" " ind2=" " tag="515"><subfield code="a">Vol. 1, no. 44 (June 24, 1826) misnumbered v. 4.</subfield></datafield><datafield ind1=" " ind2=" " tag="588"><subfield code="a">Description based on: Vol. 1, no. 5 (Apr. 26, 1825).</subfield></datafield><datafield ind1="1" ind2=" " tag="700"><subfield code="a">Fee, Robert.</subfield></datafield><datafield ind1=" " ind2=" " tag="752"><subfield code="a">United States</subfield><subfield code="b">Ohio</subfield><subfield code="c">Columbiana</subfield><subfield code="d">Salem.</subfield></datafield><datafield ind1="1" ind2=" " tag="029"><subfield code="a">AU@</subfield><subfield code="b">000025785020</subfield></datafield></record>